@inproceedings{shen2019novel,
  title={A Novel Weighted Combination Method for Feature Selection using Fuzzy Sets},
  author={Shen, Zixiao and Chen, Xin and Garibaldi, Jonathan M},
  booktitle={2019 IEEE International Conference on Fuzzy Systems (FUZZ-IEEE)},
  pages={1--6},
  year={2019},
  organization={IEEE}
}

@inproceedings{shen2018performance,
	title={Performance Optimization of a Fuzzy Entropy Based Feature Selection and Classification Framework},
	author={Shen, Zixiao and Chen, Xin and Garibaldi, Jon},
	booktitle={2018 IEEE International Conference on Systems, Man, and Cybernetics (SMC)},
	pages={1361--1367},
	year={2018},
	organization={IEEE}
}
